<record><leader>00000cas a22000007a 4500</leader><controlfield tag="001">15027041</controlfield><controlfield tag="008">861231d19171936paudn ne      0    0eng d</controlfield><datafield ind1=" " ind2=" " tag="010"><subfield code="a">sn 87078430 </subfield></datafield><datafield ind1=" " ind2=" " tag="040"><subfield code="a">NPH</subfield><subfield code="b">eng</subfield><subfield code="c">NPH</subfield><subfield code="d">NVK</subfield><subfield code="d">GUA</subfield><subfield code="d">OCLCQ</subfield><subfield code="d">UPM</subfield><subfield code="d">OCLCF</subfield></datafield><datafield ind1="1" ind2=" " tag="029"><subfield code="a">AU@</subfield><subfield code="b">000025807225</subfield></datafield><datafield ind1=" " ind2=" " tag="042"><subfield code="a">msc</subfield></datafield><datafield ind1=" " ind2=" " tag="043"><subfield code="a">n-us-pa</subfield></datafield><datafield ind1="0" ind2="0" tag="245"><subfield code="a">Easton express, Easton Argus.</subfield></datafield><datafield ind1="1" ind2="7" tag="246"><subfield code="a">Easton express</subfield></datafield><datafield ind1=" " ind2=" " tag="260"><subfield code="a">Easton, Pa. :</subfield><subfield code="b">Easton Pub. Co.,</subfield><subfield code="c">1917-1936.</subfield></datafield><datafield ind1=" " ind2=" " tag="300"><subfield code="a">v.</subfield></datafield><datafield ind1=" " ind2=" " tag="310"><subfield code="a">Daily (except Sun.)</subfield></datafield><datafield ind1="0" ind2=" " tag="362"><subfield code="a">63rd year, no. 1 (Nov. 5, 1917)-81st year, no. 77 (Feb. 4, 1936).</subfield></datafield><datafield ind1=" " ind2=" " tag="530"><subfield code="a">Also issued on microfilm from Micro Photo Div. of Bell and Howell.</subfield></datafield><datafield ind1=" " ind2="0" tag="651"><subfield code="a">Easton (Northampton County, Pa.)</subfield><subfield code="v">Newspapers.</subfield></datafield><datafield ind1=" " ind2="7" tag="655"><subfield code="a">Newspapers.</subfield><subfield code="2">fast</subfield><subfield code="0">(OCoLC)fst01423814</subfield></datafield><datafield ind1=" " ind2="7" tag="651"><subfield code="a">Pennsylvania</subfield><subfield code="z">Easton (Northampton County)</subfield><subfield code="2">fast</subfield><subfield code="0">(OCoLC)fst01758552</subfield></datafield><datafield ind1=" " ind2=" " tag="752"><subfield code="a">United States</subfield><subfield code="b">Pennsylvania</subfield><subfield code="c">Northampton</subfield><subfield code="d">Easton.</subfield></datafield><datafield ind1="0" ind2="4" tag="780"><subfield code="t">Easton express (Easton, Pa. : 1867)</subfield><subfield code="w">(DLC)sn 83032033</subfield></datafield><datafield ind1="0" ind2="4" tag="780"><subfield code="t">Easton daily Argus</subfield><subfield code="w">(DLC)sn 86063549</subfield></datafield><datafield ind1="0" ind2="0" tag="785"><subfield code="t">Easton express (Easton, Pa. : 1936)</subfield><subfield code="w">(DLC)sn 86071372</subfield></datafield></record>